@misc{air_permeability_saini,
    author   = {Saini, Manish K.},
    title    = {{Absolute and Relative Magnetic Permeability (Âµ)}},
    url      = {https://www.tutorialspoint.com/absolute-and-relative-magnetic-permeability},
    note     = {Accessed at 31/05/2024},
    year     = {2021},
    howpublished = "\url{https://www.tutorialspoint.com/absolute-and-relative-magnetic-permeability}",
}
